<record><leader>00000cas a22000007a 4500</leader><controlfield tag="001">24959413</controlfield><controlfield tag="008">911216d1951196uohuwr ne      0    0eng d</controlfield><datafield ind1=" " ind2=" " tag="010"><subfield code="a">sn 91069911 </subfield></datafield><datafield ind1=" " ind2=" " tag="040"><subfield code="a">ONP</subfield><subfield code="b">eng</subfield><subfield code="c">ONP</subfield><subfield code="d">OCLCQ</subfield></datafield><datafield ind1=" " ind2=" " tag="042"><subfield code="a">msc</subfield></datafield><datafield ind1="0" ind2=" " tag="130"><subfield code="a">North-west herald (Fairview Park, Ohio)</subfield></datafield><datafield ind1="1" ind2="4" tag="245"><subfield code="a">The North-west herald.</subfield></datafield><datafield ind1="3" ind2="0" tag="246"><subfield code="a">Northwest herald</subfield></datafield><datafield ind1=" " ind2=" " tag="260"><subfield code="a">Fairview Park, Ohio :</subfield><subfield code="b">Emil M. Uschelbec</subfield></datafield><datafield ind1=" " ind2=" " tag="300"><subfield code="a">v.</subfield></datafield><datafield ind1=" " ind2=" " tag="310"><subfield code="a">Weekly</subfield></datafield><datafield ind1="1" ind2=" " tag="362"><subfield code="a">Began in 1951.</subfield></datafield><datafield ind1=" " ind2=" " tag="500"><subfield code="a">"Serving Rocky River, Bay Village, Westlake, Avon Lake, Avon."</subfield></datafield><datafield ind1=" " ind2=" " tag="588"><subfield code="a">Description based on: 13th year, no. 9 (July 30, 1964).</subfield></datafield><datafield ind1=" " ind2=" " tag="752"><subfield code="a">United States</subfield><subfield code="b">Ohio</subfield><subfield code="c">Cuyahoga</subfield><subfield code="d">Fairview Park.</subfield></datafield></record>